@misc{isaienkov2025,
  author       = {Yaroslav Isaienkov},
  title        = {Coffee Sales},
  year         = {2025},
  url          = {https://www.kaggle.com/datasets/ihelon/coffee-sales},
  publisher    = {Kaggle},
  note         = {Conjunto de datos},
}